%YAML 1.1
%TAG !u! tag:unity3d.com,2011:
--- !u!29 &1
SceneSettings:
  m_ObjectHideFlags: 0
  m_PVSData: 
  m_PVSObjectsArray: []
  m_PVSPortalsArray: []
  m_OcclusionBakeSettings:
    smallestOccluder: 5
    smallestHole: .25
    backfaceThreshold: 100
--- !u!104 &2
RenderSettings:
  m_ObjectHideFlags: 0
  serializedVersion: 6
  m_Fog: 0
  m_FogColor: {r: .5, g: .5, b: .5, a: 1}
  m_FogMode: 3
  m_FogDensity: .00999999978
  m_LinearFogStart: 0
  m_LinearFogEnd: 300
  m_AmbientSkyColor: {r: .211999997, g: .226999998, b: .259000003, a: 1}
  m_AmbientEquatorColor: {r: .114, g: .125, b: .133000001, a: 1}
  m_AmbientGroundColor: {r: .0469999984, g: .0430000015, b: .0350000001, a: 1}
  m_AmbientIntensity: 1
  m_AmbientMode: 0
  m_SkyboxMaterial: {fileID: 10304, guid: 0000000000000000f000000000000000, type: 0}
  m_HaloStrength: .5
  m_FlareStrength: 1
  m_FlareFadeSpeed: 3
  m_HaloTexture: {fileID: 0}
  m_SpotCookie: {fileID: 10001, guid: 0000000000000000e000000000000000, type: 0}
  m_DefaultReflectionMode: 0
  m_DefaultReflectionResolution: 128
  m_ReflectionBounces: 1
  m_ReflectionIntensity: 1
  m_CustomReflection: {fileID: 0}
  m_Sun: {fileID: 0}
--- !u!127 &3
LevelGameManager:
  m_ObjectHideFlags: 0
--- !u!157 &4
LightmapSettings:
  m_ObjectHideFlags: 0
  serializedVersion: 5
  m_GIWorkflowMode: 0
  m_LightmapsMode: 1
  m_GISettings:
    serializedVersion: 2
    m_BounceScale: 1
    m_IndirectOutputScale: 1
    m_AlbedoBoost: 1
    m_TemporalCoherenceThreshold: 1
    m_EnvironmentLightingMode: 0
    m_EnableBakedLightmaps: 1
    m_EnableRealtimeLightmaps: 1
  m_LightmapEditorSettings:
    serializedVersion: 3
    m_Resolution: 2
    m_BakeResolution: 40
    m_TextureWidth: 1024
    m_TextureHeight: 1024
    m_AOMaxDistance: 1
    m_Padding: 2
    m_CompAOExponent: 0
    m_LightmapParameters: {fileID: 0}
    m_TextureCompression: 1
    m_FinalGather: 0
    m_FinalGatherRayCount: 1024
  m_LightmapSnapshot: {fileID: 0}
  m_RuntimeCPUUsage: 25
--- !u!196 &5
NavMeshSettings:
  serializedVersion: 2
  m_ObjectHideFlags: 0
  m_BuildSettings:
    serializedVersion: 2
    agentRadius: .5
    agentHeight: 2
    agentSlope: 45
    agentClimb: .400000006
    ledgeDropHeight: 0
    maxJumpAcrossDistance: 0
    accuratePlacement: 0
    minRegionArea: 2
    cellSize: .166666672
    manualCellSize: 0
  m_NavMeshData: {fileID: 0}
--- !u!1001 &571137877
Prefab:
  m_ObjectHideFlags: 0
  serializedVersion: 2
  m_Modification:
    m_TransformParent: {fileID: 0}
    m_Modifications:
    - target: {fileID: 486506, guid: bffe8283adb7b6349aeff70f95396f06, type: 2}
      propertyPath: m_LocalPosition.x
      value: -.0799999982
      objectReference: {fileID: 0}
    - target: {fileID: 486506, guid: bffe8283adb7b6349aeff70f95396f06, type: 2}
      propertyPath: m_LocalPosition.y
      value: .449999988
      objectReference: {fileID: 0}
    - target: {fileID: 486506, guid: bffe8283adb7b6349aeff70f95396f06, type: 2}
      propertyPath: m_LocalPosition.z
      value: -31.2000008
      objectReference: {fileID: 0}
    - target: {fileID: 486506, guid: bffe8283adb7b6349aeff70f95396f06, type: 2}
      propertyPath: m_LocalRotation.x
      value: 0
      objectReference: {fileID: 0}
    - target: {fileID: 486506, guid: bffe8283adb7b6349aeff70f95396f06, type: 2}
      propertyPath: m_LocalRotation.y
      value: 0
      objectReference: {fileID: 0}
    - target: {fileID: 486506, guid: bffe8283adb7b6349aeff70f95396f06, type: 2}
      propertyPath: m_LocalRotation.z
      value: 0
      objectReference: {fileID: 0}
    - target: {fileID: 486506, guid: bffe8283adb7b6349aeff70f95396f06, type: 2}
      propertyPath: m_LocalRotation.w
      value: 1
      objectReference: {fileID: 0}
    - target: {fileID: 486506, guid: bffe8283adb7b6349aeff70f95396f06, type: 2}
      propertyPath: m_RootOrder
      value: 2
      objectReference: {fileID: 0}
    - target: {fileID: 11417654, guid: bffe8283adb7b6349aeff70f95396f06, type: 2}
      propertyPath: Id
      value: 1
      objectReference: {fileID: 0}
    - target: {fileID: 11417654, guid: bffe8283adb7b6349aeff70f95396f06, type: 2}
      propertyPath: SpawnPoint.z
      value: -16.2199993
      objectReference: {fileID: 0}
    - target: {fileID: 11417654, guid: bffe8283adb7b6349aeff70f95396f06, type: 2}
      propertyPath: SpawnPoint.y
      value: 1.91999996
      objectReference: {fileID: 0}
    - target: {fileID: 11417654, guid: bffe8283adb7b6349aeff70f95396f06, type: 2}
      propertyPath: SpawnInMiddle
      value: 1
      objectReference: {fileID: 0}
    - target: {fileID: 11417654, guid: bffe8283adb7b6349aeff70f95396f06, type: 2}
      propertyPath: SpawnFromStart
      value: 1
      objectReference: {fileID: 0}
    - target: {fileID: 11417654, guid: bffe8283adb7b6349aeff70f95396f06, type: 2}
      propertyPath: OnlyShootLeft
      value: 1
      objectReference: {fileID: 0}
    - target: {fileID: 11417654, guid: bffe8283adb7b6349aeff70f95396f06, type: 2}
      propertyPath: OnlyShootRight
      value: 0
      objectReference: {fileID: 0}
    m_RemovedComponents: []
  m_ParentPrefab: {fileID: 100100000, guid: bffe8283adb7b6349aeff70f95396f06, type: 2}
  m_IsPrefabParent: 0
--- !u!1001 &995628840
Prefab:
  m_ObjectHideFlags: 0
  serializedVersion: 2
  m_Modification:
    m_TransformParent: {fileID: 0}
    m_Modifications:
    - target: {fileID: 470774, guid: 5946956f00862cc4ea94a4f8e83d2df5, type: 2}
      propertyPath: m_LocalPosition.x
      value: 0
      objectReference: {fileID: 0}
    - target: {fileID: 470774, guid: 5946956f00862cc4ea94a4f8e83d2df5, type: 2}
      propertyPath: m_LocalPosition.y
      value: 0
      objectReference: {fileID: 0}
    - target: {fileID: 470774, guid: 5946956f00862cc4ea94a4f8e83d2df5, type: 2}
      propertyPath: m_LocalPosition.z
      value: 0
      objectReference: {fileID: 0}
    - target: {fileID: 470774, guid: 5946956f00862cc4ea94a4f8e83d2df5, type: 2}
      propertyPath: m_LocalRotation.x
      value: 0
      objectReference: {fileID: 0}
    - target: {fileID: 470774, guid: 5946956f00862cc4ea94a4f8e83d2df5, type: 2}
      propertyPath: m_LocalRotation.y
      value: 0
      objectReference: {fileID: 0}
    - target: {fileID: 470774, guid: 5946956f00862cc4ea94a4f8e83d2df5, type: 2}
      propertyPath: m_LocalRotation.z
      value: 0
      objectReference: {fileID: 0}
    - target: {fileID: 470774, guid: 5946956f00862cc4ea94a4f8e83d2df5, type: 2}
      propertyPath: m_LocalRotation.w
      value: 1
      objectReference: {fileID: 0}
    - target: {fileID: 470774, guid: 5946956f00862cc4ea94a4f8e83d2df5, type: 2}
      propertyPath: m_RootOrder
      value: 3
      objectReference: {fileID: 0}
    - target: {fileID: 11423678, guid: 5946956f00862cc4ea94a4f8e83d2df5, type: 2}
      propertyPath: m_Delegates.Array.data[0].callback.m_PersistentCalls.m_Calls.Array.data[0].m_Target
      value: 
      objectReference: {fileID: 2015127069}
    - target: {fileID: 11423678, guid: 5946956f00862cc4ea94a4f8e83d2df5, type: 2}
      propertyPath: m_Delegates.Array.data[1].callback.m_PersistentCalls.m_Calls.Array.data[0].m_Target
      value: 
      objectReference: {fileID: 2015127069}
    - target: {fileID: 11423678, guid: 5946956f00862cc4ea94a4f8e83d2df5, type: 2}
      propertyPath: m_Delegates.Array.data[1].callback.m_PersistentCalls.m_Calls.Array.data[1].m_Target
      value: 
      objectReference: {fileID: 2015127069}
    - target: {fileID: 11482400, guid: 5946956f00862cc4ea94a4f8e83d2df5, type: 2}
      propertyPath: m_Delegates.Array.data[0].callback.m_PersistentCalls.m_Calls.Array.data[0].m_Target
      value: 
      objectReference: {fileID: 2015127069}
    - target: {fileID: 11482400, guid: 5946956f00862cc4ea94a4f8e83d2df5, type: 2}
      propertyPath: m_Delegates.Array.data[1].callback.m_PersistentCalls.m_Calls.Array.data[0].m_Target
      value: 
      objectReference: {fileID: 2015127069}
    - target: {fileID: 11432878, guid: 5946956f00862cc4ea94a4f8e83d2df5, type: 2}
      propertyPath: m_Delegates.Array.data[0].callback.m_PersistentCalls.m_Calls.Array.data[0].m_Target
      value: 
      objectReference: {fileID: 2015127069}
    - target: {fileID: 11432878, guid: 5946956f00862cc4ea94a4f8e83d2df5, type: 2}
      propertyPath: m_Delegates.Array.data[1].callback.m_PersistentCalls.m_Calls.Array.data[0].m_Target
      value: 
      objectReference: {fileID: 2015127069}
    m_RemovedComponents: []
  m_ParentPrefab: {fileID: 100100000, guid: 5946956f00862cc4ea94a4f8e83d2df5, type: 2}
  m_IsPrefabParent: 0
--- !u!1 &1049786662
GameObject:
  m_ObjectHideFlags: 0
  m_PrefabParentObject: {fileID: 124096, guid: a47bc324d5df7494490ae7e0cf6322c5, type: 2}
  m_PrefabInternal: {fileID: 0}
  serializedVersion: 4
  m_Component:
  - 4: {fileID: 1049786663}
  - 33: {fileID: 1049786666}
  - 65: {fileID: 1049786665}
  - 23: {fileID: 1049786664}
  - 54: {fileID: 1049786667}
  m_Layer: 0
  m_Name: Platform (1)
  m_TagString: Untagged
  m_Icon: {fileID: 0}
  m_NavMeshLayer: 0
  m_StaticEditorFlags: 4294967295
  m_IsActive: 1
--- !u!4 &1049786663
Transform:
  m_ObjectHideFlags: 0
  m_PrefabParentObject: {fileID: 466066, guid: a47bc324d5df7494490ae7e0cf6322c5, type: 2}
  m_PrefabInternal: {fileID: 0}
  m_GameObject: {fileID: 1049786662}
  m_LocalRotation: {x: 0, y: .707106829, z: 0, w: .707106709}
  m_LocalPosition: {x: -1, y: -1, z: -29}
  m_LocalScale: {x: 28.9785633, y: 1, z: 5}
  m_Children: []
  m_Father: {fileID: 2006766888}
  m_RootOrder: 1
--- !u!23 &1049786664
MeshRenderer:
  m_ObjectHideFlags: 0
  m_PrefabParentObject: {fileID: 2394420, guid: a47bc324d5df7494490ae7e0cf6322c5,
    type: 2}
  m_PrefabInternal: {fileID: 0}
  m_GameObject: {fileID: 1049786662}
  m_Enabled: 1
  m_CastShadows: 1
  m_ReceiveShadows: 1
  m_Materials:
  - {fileID: 2100000, guid: db5c4a9cc5e8ec940a6f1c3e2cc9e810, type: 2}
  m_SubsetIndices: 
  m_StaticBatchRoot: {fileID: 0}
  m_UseLightProbes: 1
  m_ReflectionProbeUsage: 1
  m_ProbeAnchor: {fileID: 0}
  m_ScaleInLightmap: 1
  m_PreserveUVs: 1
  m_ImportantGI: 0
  m_AutoUVMaxDistance: .5
  m_AutoUVMaxAngle: 89
  m_LightmapParameters: {fileID: 0}
  m_SortingLayerID: 0
  m_SortingOrder: 0
--- !u!65 &1049786665
BoxCollider:
  m_ObjectHideFlags: 0
  m_PrefabParentObject: {fileID: 6573460, guid: a47bc324d5df7494490ae7e0cf6322c5,
    type: 2}
  m_PrefabInternal: {fileID: 0}
  m_GameObject: {fileID: 1049786662}
  m_Material: {fileID: 0}
  m_IsTrigger: 0
  m_Enabled: 1
  serializedVersion: 2
  m_Size: {x: 1, y: 1, z: 1}
  m_Center: {x: 0, y: 0, z: 0}
--- !u!33 &1049786666
MeshFilter:
  m_ObjectHideFlags: 0
  m_PrefabParentObject: {fileID: 3392114, guid: a47bc324d5df7494490ae7e0cf6322c5,
    type: 2}
  m_PrefabInternal: {fileID: 0}
  m_GameObject: {fileID: 1049786662}
  m_Mesh: {fileID: 10202, guid: 0000000000000000e000000000000000, type: 0}
--- !u!54 &1049786667
Rigidbody:
  m_ObjectHideFlags: 0
  m_PrefabParentObject: {fileID: 0}
  m_PrefabInternal: {fileID: 0}
  m_GameObject: {fileID: 1049786662}
  serializedVersion: 2
  m_Mass: 1
  m_Drag: 0
  m_AngularDrag: .0500000007
  m_UseGravity: 0
  m_IsKinematic: 1
  m_Interpolate: 0
  m_Constraints: 0
  m_CollisionDetection: 0
--- !u!1001 &1373598737
Prefab:
  m_ObjectHideFlags: 0
  serializedVersion: 2
  m_Modification:
    m_TransformParent: {fileID: 0}
    m_Modifications:
    - target: {fileID: 451062, guid: a47bc324d5df7494490ae7e0cf6322c5, type: 2}
      propertyPath: m_LocalPosition.x
      value: 0
      objectReference: {fileID: 0}
    - target: {fileID: 451062, guid: a47bc324d5df7494490ae7e0cf6322c5, type: 2}
      propertyPath: m_LocalPosition.y
      value: 0
      objectReference: {fileID: 0}
    - target: {fileID: 451062, guid: a47bc324d5df7494490ae7e0cf6322c5, type: 2}
      propertyPath: m_LocalPosition.z
      value: 0
      objectReference: {fileID: 0}
    - target: {fileID: 451062, guid: a47bc324d5df7494490ae7e0cf6322c5, type: 2}
      propertyPath: m_LocalRotation.x
      value: 0
      objectReference: {fileID: 0}
    - target: {fileID: 451062, guid: a47bc324d5df7494490ae7e0cf6322c5, type: 2}
      propertyPath: m_LocalRotation.y
      value: 0
      objectReference: {fileID: 0}
    - target: {fileID: 451062, guid: a47bc324d5df7494490ae7e0cf6322c5, type: 2}
      propertyPath: m_LocalRotation.z
      value: 0
      objectReference: {fileID: 0}
    - target: {fileID: 451062, guid: a47bc324d5df7494490ae7e0cf6322c5, type: 2}
      propertyPath: m_LocalRotation.w
      value: 1
      objectReference: {fileID: 0}
    - target: {fileID: 451062, guid: a47bc324d5df7494490ae7e0cf6322c5, type: 2}
      propertyPath: m_RootOrder
      value: 4
      objectReference: {fileID: 0}
    m_RemovedComponents: []
  m_ParentPrefab: {fileID: 100100000, guid: a47bc324d5df7494490ae7e0cf6322c5, type: 2}
  m_IsPrefabParent: 0
--- !u!1 &1411029077
GameObject:
  m_ObjectHideFlags: 0
  m_PrefabParentObject: {fileID: 124096, guid: a47bc324d5df7494490ae7e0cf6322c5, type: 2}
  m_PrefabInternal: {fileID: 0}
  serializedVersion: 4
  m_Component:
  - 4: {fileID: 1411029078}
  - 33: {fileID: 1411029082}
  - 65: {fileID: 1411029081}
  - 23: {fileID: 1411029080}
  - 54: {fileID: 1411029079}
  m_Layer: 0
  m_Name: Platform (3)
  m_TagString: Untagged
  m_Icon: {fileID: 0}
  m_NavMeshLayer: 0
  m_StaticEditorFlags: 4294967295
  m_IsActive: 1
--- !u!4 &1411029078
Transform:
  m_ObjectHideFlags: 0
  m_PrefabParentObject: {fileID: 466066, guid: a47bc324d5df7494490ae7e0cf6322c5, type: 2}
  m_PrefabInternal: {fileID: 0}
  m_GameObject: {fileID: 1411029077}
  m_LocalRotation: {x: -.49999994, y: .500000119, z: -.499999911, w: .50000006}
  m_LocalPosition: {x: -1, y: -13.3999996, z: -38.5999985}
  m_LocalScale: {x: 28.9785614, y: 1, z: 5}
  m_Children: []
  m_Father: {fileID: 2006766888}
  m_RootOrder: 3
--- !u!54 &1411029079
Rigidbody:
  m_ObjectHideFlags: 0
  m_PrefabParentObject: {fileID: 0}
  m_PrefabInternal: {fileID: 0}
  m_GameObject: {fileID: 1411029077}
  serializedVersion: 2
  m_Mass: 1
  m_Drag: 0
  m_AngularDrag: .0500000007
  m_UseGravity: 0
  m_IsKinematic: 1
  m_Interpolate: 0
  m_Constraints: 0
  m_CollisionDetection: 0
--- !u!23 &1411029080
MeshRenderer:
  m_ObjectHideFlags: 0
  m_PrefabParentObject: {fileID: 2394420, guid: a47bc324d5df7494490ae7e0cf6322c5,
    type: 2}
  m_PrefabInternal: {fileID: 0}
  m_GameObject: {fileID: 1411029077}
  m_Enabled: 1
  m_CastShadows: 1
  m_ReceiveShadows: 1
  m_Materials:
  - {fileID: 2100000, guid: db5c4a9cc5e8ec940a6f1c3e2cc9e810, type: 2}
  m_SubsetIndices: 
  m_StaticBatchRoot: {fileID: 0}
  m_UseLightProbes: 1
  m_ReflectionProbeUsage: 1
  m_ProbeAnchor: {fileID: 0}
  m_ScaleInLightmap: 1
  m_PreserveUVs: 1
  m_ImportantGI: 0
  m_AutoUVMaxDistance: .5
  m_AutoUVMaxAngle: 89
  m_LightmapParameters: {fileID: 0}
  m_SortingLayerID: 0
  m_SortingOrder: 0
--- !u!65 &1411029081
BoxCollider:
  m_ObjectHideFlags: 0
  m_PrefabParentObject: {fileID: 6573460, guid: a47bc324d5df7494490ae7e0cf6322c5,
    type: 2}
  m_PrefabInternal: {fileID: 0}
  m_GameObject: {fileID: 1411029077}
  m_Material: {fileID: 0}
  m_IsTrigger: 0
  m_Enabled: 1
  serializedVersion: 2
  m_Size: {x: 1, y: 1, z: 1}
  m_Center: {x: 0, y: 0, z: 0}
--- !u!33 &1411029082
MeshFilter:
  m_ObjectHideFlags: 0
  m_PrefabParentObject: {fileID: 3392114, guid: a47bc324d5df7494490ae7e0cf6322c5,
    type: 2}
  m_PrefabInternal: {fileID: 0}
  m_GameObject: {fileID: 1411029077}
  m_Mesh: {fileID: 10202, guid: 0000000000000000e000000000000000, type: 0}
--- !u!1001 &1460678675
Prefab:
  m_ObjectHideFlags: 0
  serializedVersion: 2
  m_Modification:
    m_TransformParent: {fileID: 0}
    m_Modifications:
    - target: {fileID: 418592, guid: 253d81347fe9faf4aa3c1a748497e670, type: 2}
      propertyPath: m_LocalPosition.x
      value: 0
      objectReference: {fileID: 0}
    - target: {fileID: 418592, guid: 253d81347fe9faf4aa3c1a748497e670, type: 2}
      propertyPath: m_LocalPosition.y
      value: 1.60000002
      objectReference: {fileID: 0}
    - target: {fileID: 418592, guid: 253d81347fe9faf4aa3c1a748497e670, type: 2}
      propertyPath: m_LocalPosition.z
      value: 38.6899986
      objectReference: {fileID: 0}
    - target: {fileID: 418592, guid: 253d81347fe9faf4aa3c1a748497e670, type: 2}
      propertyPath: m_LocalRotation.x
      value: 0
      objectReference: {fileID: 0}
    - target: {fileID: 418592, guid: 253d81347fe9faf4aa3c1a748497e670, type: 2}
      propertyPath: m_LocalRotation.y
      value: 0
      objectReference: {fileID: 0}
    - target: {fileID: 418592, guid: 253d81347fe9faf4aa3c1a748497e670, type: 2}
      propertyPath: m_LocalRotation.z
      value: 0
      objectReference: {fileID: 0}
    - target: {fileID: 418592, guid: 253d81347fe9faf4aa3c1a748497e670, type: 2}
      propertyPath: m_LocalRotation.w
      value: 1
      objectReference: {fileID: 0}
    - target: {fileID: 418592, guid: 253d81347fe9faf4aa3c1a748497e670, type: 2}
      propertyPath: m_RootOrder
      value: 3
      objectReference: {fileID: 0}
    m_RemovedComponents: []
  m_ParentPrefab: {fileID: 100100000, guid: 253d81347fe9faf4aa3c1a748497e670, type: 2}
  m_IsPrefabParent: 0
--- !u!4 &2006766888 stripped
Transform:
  m_PrefabParentObject: {fileID: 435466, guid: a47bc324d5df7494490ae7e0cf6322c5, type: 2}
  m_PrefabInternal: {fileID: 1373598737}
--- !u!114 &2015127069 stripped
MonoBehaviour:
  m_PrefabParentObject: {fileID: 11434636, guid: 253d81347fe9faf4aa3c1a748497e670,
    type: 2}
  m_PrefabInternal: {fileID: 1460678675}
  m_Script: {fileID: 11500000, guid: 21d12287390cf494cbf6b1ee3b6b0e6a, type: 3}
--- !u!1 &2122934050
GameObject:
  m_ObjectHideFlags: 0
  m_PrefabParentObject: {fileID: 124096, guid: a47bc324d5df7494490ae7e0cf6322c5, type: 2}
  m_PrefabInternal: {fileID: 0}
  serializedVersion: 4
  m_Component:
  - 4: {fileID: 2122934051}
  - 33: {fileID: 2122934055}
  - 65: {fileID: 2122934054}
  - 23: {fileID: 2122934053}
  - 54: {fileID: 2122934052}
  m_Layer: 0
  m_Name: Platform (2)
  m_TagString: Untagged
  m_Icon: {fileID: 0}
  m_NavMeshLayer: 0
  m_StaticEditorFlags: 4294967295
  m_IsActive: 1
--- !u!4 &2122934051
Transform:
  m_ObjectHideFlags: 0
  m_PrefabParentObject: {fileID: 466066, guid: a47bc324d5df7494490ae7e0cf6322c5, type: 2}
  m_PrefabInternal: {fileID: 0}
  m_GameObject: {fileID: 2122934050}
  m_LocalRotation: {x: -.49999994, y: .500000119, z: -.499999911, w: .50000006}
  m_LocalPosition: {x: -1, y: -13.3999996, z: -20.3999996}
  m_LocalScale: {x: 28.9785614, y: 1, z: 5}
  m_Children: []
  m_Father: {fileID: 2006766888}
  m_RootOrder: 2
--- !u!54 &2122934052
Rigidbody:
  m_ObjectHideFlags: 0
  m_PrefabParentObject: {fileID: 0}
  m_PrefabInternal: {fileID: 0}
  m_GameObject: {fileID: 2122934050}
  serializedVersion: 2
  m_Mass: 1
  m_Drag: 0
  m_AngularDrag: .0500000007
  m_UseGravity: 0
  m_IsKinematic: 1
  m_Interpolate: 0
  m_Constraints: 0
  m_CollisionDetection: 0
--- !u!23 &2122934053
MeshRenderer:
  m_ObjectHideFlags: 0
  m_PrefabParentObject: {fileID: 2394420, guid: a47bc324d5df7494490ae7e0cf6322c5,
    type: 2}
  m_PrefabInternal: {fileID: 0}
  m_GameObject: {fileID: 2122934050}
  m_Enabled: 1
  m_CastShadows: 1
  m_ReceiveShadows: 1
  m_Materials:
  - {fileID: 2100000, guid: db5c4a9cc5e8ec940a6f1c3e2cc9e810, type: 2}
  m_SubsetIndices: 
  m_StaticBatchRoot: {fileID: 0}
  m_UseLightProbes: 1
  m_ReflectionProbeUsage: 1
  m_ProbeAnchor: {fileID: 0}
  m_ScaleInLightmap: 1
  m_PreserveUVs: 1
  m_ImportantGI: 0
  m_AutoUVMaxDistance: .5
  m_AutoUVMaxAngle: 89
  m_LightmapParameters: {fileID: 0}
  m_SortingLayerID: 0
  m_SortingOrder: 0
--- !u!65 &2122934054
BoxCollider:
  m_ObjectHideFlags: 0
  m_PrefabParentObject: {fileID: 6573460, guid: a47bc324d5df7494490ae7e0cf6322c5,
    type: 2}
  m_PrefabInternal: {fileID: 0}
  m_GameObject: {fileID: 2122934050}
  m_Material: {fileID: 0}
  m_IsTrigger: 0
  m_Enabled: 1
  serializedVersion: 2
  m_Size: {x: 1, y: 1, z: 1}
  m_Center: {x: 0, y: 0, z: 0}
--- !u!33 &2122934055
MeshFilter:
  m_ObjectHideFlags: 0
  m_PrefabParentObject: {fileID: 3392114, guid: a47bc324d5df7494490ae7e0cf6322c5,
    type: 2}
  m_PrefabInternal: {fileID: 0}
  m_GameObject: {fileID: 2122934050}
  m_Mesh: {fileID: 10202, guid: 0000000000000000e000000000000000, type: 0}
